@misc{wiki:le,
   author = "Wikipedia",
   title = "{Laneâ€“Emden equation} --- {W}ikipedia{,} The Free Encyclopedia",
   year = "2021",
   howpublished = {\url{http://en.wikipedia.org/w/index.php?title=Lane\%E2\%80\%93Emden\%20equation&oldid=1054690298}},
   note = "[Online; accessed 29-December-2021]"
 }
  @misc{rappaport_2006, title={Polytropic models for stars - MIT opencourseware}, url={https://ocw.mit.edu/courses/physics/8-282j-introduction-to-astronomy-spring-2006/assignments/compset2_soln.pdf}, journal={Introduction to Astronomy}, author={Rappaport, Saul}, year={2006}} 
